%% ----------------------------------------------------------------------
%%    Examples of common entries
%% ----------------------------------------------------------------------

@article{example-article,
    author = {I. Surname and I. Surname and I. Surname},
    title = {The Title of the Article},
    journal = {The Title of the Journal},
    volume = {1},
    number = {2},
    pages = {123-456},
    year = {2000},
    note = {}
}

@book{example-book,
    author = {I. Surname and I. Surname and I. Surname},
    title = {The Title of the Book},
    publisher = {Publisher},
    year = {2000},
    edition = {8th ed.},
    address = {City, State or Country},
    note = {}
}

@online{example-website,
    author = {{Website Name} <OR> I. Surname and I. Surname and I. Surname},
    title = {Title of the Website},
    url = {https://example.com},
    urldate = {2020-12-24},
    year = {2000}
}

%% ----------------------------------------------------------------------
%%    Start of bibliography
%% ----------------------------------------------------------------------


@report{gemeente-rotterdam-2020A,
	author = {{Gemeente Rotterdam}},
	date = {2020-10},
	subtitle = { Gemeentelijk Rioleringsplan Rotterdam 2021-2025},
	title = {Van buis naar buitenruimte },
	url = {https://rotterdam.notubiz.nl/document/9422425/1/s20bb016815_1_39408_tds},
}
@online{gemeente-rotterdam-no-dateA,
	author = {{Gemeente Rotterdam}},
	title = {Grondwater},
	url = {https://www.rotterdam.nl/grondwater},
}
@image{gemeente-rotterdam-2020B,
	author = {{Gemeente Rotterdam }},
	date = {2020-10},
	title = {Het stedelijk watersysteem en de verantwoordelijkheden },
	url = {https://www.rotterdam.nl/grp},
}
@online{gemeente-rotterdam-no-dateB,
	author = {{Gemeente Rotterdam}},
	title = {Natuurkaart},
	url = {https://www.rotterdam.nl/natuurkaart},
}
@online{centraal-bureau-voor-de-statistiek-2020,
	author = {{Centraal Bureau voor de Statistiek }},
	date = {2020},
	title = {Oppervlakte 2020 },
	url = {https://onderzoek010.nl/jive?cat_open_code=cgdhegjtjcidphg2},
}
@report{ganswijk-1988,
	author = {given-i=AJ, prefix=van, family=Ganswijk and given-i=FAM, prefix={van}, family=Claessen and given-i=G, family=Veenbaas},
	date = {1988},
	publisher = {Waterbeheer Natuur Bos en Landschap},
	title = {Een leidraad voor de hydrologische systeembeschrijving van natuurgebieden met enkele voorbeelden },
}
@report{koomen-2011,
	author = {given-i=AJM, family=Koomen and given-i=W, family=Nieuwenhuizen},
	date = {2011},
	publisher = {Programmabureau Kennis voor Klimaat},
	subtitle = {},
	title = {Klimaatbestendig Nederland: Systeemanalyse},
	url = {},
}
@report{valstar-2019,
	author = {given-i=JR, family=Valstar and given-i=GMCM, family=Janssen and given-i=A, family=Marsman and given-i=J, family=Klein and given-i=JSA, family=Vermooten},
	date = {2019-03-01},
	number = {11201981-002},
	publisher = {Deltares},
	title = {Grondwatermodel Rotterdamse havengebied: Achtergrondinformatie},
}
@report{janssen-2005,
	author = {given-i=JHM, family=Janssen and given-i=JWCL, family=Schelberg and given-i=HX, prefix=van, family=Rhijn},
	date = {2005-01-04},
	number = {2004-0201},
	publisher = {Ontwikkelingsmaatschappij Stadshavens Rotterdam N.V.},
	title = {Scan stadshavens Rotterdam (Bodem en RO)},
	url = {https://www.bodemplus.nl/onderwerpen/bodem-ondergrond/bodembeleid/praktijkvoorbeelden/bodem-ruimtelijke/scan-stadshavens/},
}
@report{witte-2008,
	author = {given-i=JPM, family=Witte and given-i=CJS, family=Aggenbach and given-i=J, family=Runhaar},
	date = {2008},
	number = {607300003},
	publisher = {KIWA Water Research Nieuwegein},
	title = {Grondwater voor natuur: deel II},
}
@image{jones-2013,
	author = {given-i=IC, family=Jones and given-i=J, family=Shi and given-i=R, family=Bradley},
	date = {2013},
	title = {Schematic graph showing the difference between unconfined and confined aquifers.},
	url = {https://www.twdb.texas.gov/groundwater/docs/GAMruns/Task13-031.pdf},
}
@image{dufour-1998,
	author = {given-i=FC, family=Dufour},
	date = {1998},
	title = {Hydrologische situatie en processen in West-Nederland},
	url = {https://repository.tno.nl/islandora/object/uuid%3Ad6b7add5-7b50-4949-8a78-ef42b8fc549f},
}
@report{vries-1992,
	author = {given-i=CJ, prefix=de, family=Vries},
	date = {1992-04},
	number = {23},
	publisher = {WUR: vakgroep Waterhuishouding},
	subtitle = {Het optimaliseren van het grondwatermeetnet van de gemeente Ede},
	title = {Stedelijk grondwaterbeheer},
	url = {https://library.wur.nl/WebQuery/wurpubs/fulltext/217870},
}
@article{zelfde-2011,
	author = {given-i=A, prefix={van 't}, family={Zelfde}},
	date = {2011},
	journaltitle = {H2O Tijdschrift },
	number = {17},
	pages = {8--9},
	title = {De waarde van een gemeentelijk grondwatermeetnet},
	url = {https://edepot.wur.nl/339546},
	volume = {44},
}
@inreference{tno-1996,
	author = {{TNO Geologische Dienst Nederland}},
	date = {1996},
	edition = {},
	pages = {46},
	publisher = {TNO},
	title = {Het voorkomen van water in de grond},
	volume = {16},
}
@report{hendriks-2023,
	author = {given-i=D, family={Hendriks} and given-i=H, family=Passier and given-i=A, family=Marsman and given-i=O, family={Levelt } and given-i=N, family=Lamers and given-i=J, family=Valstar and given-i=X, family=Hu},
	date = {2023-02},
	publisher = {Deltares},
	subtitle = {Module 1: Landelijke analyse },
	title = {Integrale Grondwaterstudie Nederland},
}
@report{ritzema-2012,
	author = {given-i=HP, family=Ritzema and given-i=GBM, family=Heuvelink and given-i=M, family=Heinen and given-i=PW, family=Bogaart and given-i=FJE, prefix={van der }, family=Bolt and given-i=MJD, family={Hack-ten Broeke} and given-i=T, family=Hoogland and given-i=M, family=Knotters and given-i=HTL, family=Massop and given-i=HRJ, family=Vroon},
	date = {2012},
	number = {2345},
	publisher = {Alterra},
	subtitle = {Analyse van methodieken en nauwkeurigheid},
	title = {Meten en interpreteren van grondwaterstanden},
}
@report{stichting-infrastructuur-kwaliteitsborging-bodembeheer-2013,
	author = {{Stichting Infrastructuur Kwaliteitsborging Bodembeheer} [SIKB]},
	date = {2013-12},
	subtitle = {Protocol 2001},
	title = {Plaatsen van handboringen en peilbuizen, maken van boorbeschrijvingen, nemen van grondmonsters en waterpassen},
}
@online{rws-wvl-2012,
	author = {{RWS WVL} [Rijkswaterstaat Water, Verkeer en Leefomgeving]},
	date = {2012},
	title = {Handreiking juridische helderheid grondwaterbeheer},
	url = {https://www.helpdeskwater.nl/onderwerpen/wetgeving-beleid/handboek-water/thema-s/grondwater/handreiking/},
}
@report{massop-2003,
	author = {given-i=HTL, family=Massop and given-i=JWJ, prefix={van der}, family=Gaast},
	date = {2003},
	number = {864},
	subtitle = {Meetnet regio Oost en beschrijving grondwaterstanden periode 1990-2002},
	title = {Optimalisatie grondwatermeetnet Waterschap De Maaskant},
}
@report{hosseini-2017,
	author = {given-i=M, family=Hosseini and given-i=R, family=Kerachian},
	date = {2017},
	publisher = {Journal of Hydrology},
	title = {A data fusion-based methodology for optimal redesign of groundwater monitoring networks},
	url = {},
}
@article{ohmer-2019,
	author = {given-i=M, given=Marc, family=Ohmer and given-i=T, given=Tanja, family=Liesch and given-i=N, given=Nico, family=Goldscheider},
	date = {2019-11-01},
	doi = {10.1029/2019wr025728},
	journaltitle = {Water Resources Research},
	number = {11},
	pages = {9454--9473},
	publisher = {Wiley-Blackwell},
	title = {On the Optimal Spatial Design for Groundwater Level Monitoring Networks},
	url = {https://doi.org/10.1029/2019wr025728},
	volume = {55},
}
@book{smith-2013,
	author = {given-i=EC, given={Elizabeth C.}, family=Smith and given-i=SK, given={Stephen K.}, family=Swallow},
	booktitle = {Elsevier eBooks},
	date = {2013-01-01},
	doi = {10.1016/b978-0-12-375067-9.00107-8},
	pages = {45--51},
	title = {Lindahl pricing for public goods and experimental auctions for the environment},
	url = {https://doi.org/10.1016/b978-0-12-375067-9.00107-8},
}
@report{stowa-1998,
	author = {{STOWA}},
	date = {1998},
	number = {17},
	subtitle = {Deel III: Stappenplan voor meetnetoptimalisatie },
	title = {Methodiek voor de evaluatie en optimalisatie van routine waterkwaliteitsmeetnetten },
	url = {},
}
@report{bakel-1995,
	author = {given-i=PJT, prefix=van, family=Bakel and given-i=AJ, prefix={de }, family=Braal and given-i=GD, family=Geldof and given-i=DJ, family=Marsman and given-i=LM, family={Remesal van Merode} and given-i=J, family=Luijendijk},
	date = {1995-03},
	number = {NOV rapport 4},
	title = {Verstedelijking en verdroging},
	url = {https://www.debakelsestroom.nl/wp-content/uploads/lijst-van-publicaties-van-Jan-van-Bakel-jan-2018.pdf},
}
@book{etikala-2022,
	author = {given-i=B, family=Etikala and given-i=S, family=Madhav and given-i=S, family={Gowd Somagouni}},
	booktitle = {Urban Water Crisis and Management },
	date = {2022},
	doi = {10.1016/B978-0-323-91838-1.00016-6},
	pages = {1--19},
	title = {Chapter 1 - Urban Water Systems: an overview },
	url = {https://www.sciencedirect.com/science/article/abs/pii/B9780323918381000166},
	volume = {6},
}
@book{douglas-2020,
	author = {given-i=I, family=Douglas},
	booktitle = {The Routledge Handbook of Urban Ecology},
	date = {2020},
	edition = {2},
	pages = {--},
	title = {Urban Hydrology},
	url = {https://www.taylorfrancis.com/chapters/edit/10.4324/9780429506758-16/urban-hydrology-ian-douglas?context=ubx},
}
@article{mirzaie-nodoushan-2017,
	author = {given-i=F, family=Mirzaie-Nodoushan and given-i=O, family=Bozorg-Haddad and given-i=HA, family=Lo√°iciga},
	date = {2017},
	publisher = {},
	title = {Optimal design of groundwater-level monitoring networks},
	url = {https://www.researchgate.net/profile/Hugo-Loaiciga/publication/319063024_Optimal_design_of_groundwater-level_monitoring_networks/links/5aecab9baca2727bc004ecac/Optimal-design-of-groundwater-level-monitoring-networks.pdf},
}
@report{ohmer-2022,
	author = {given-i=M, family=Ohmer and given-i=T, family=Liesch and given-i=A, family=Wunsch},
	date = {2022},
	number = {15},
	pages = {4033--4053},
	title = {Spatiotemporal optimization of groundwater monitoring networks using data-driven sparse sensing methods.},
	url = {https://hess.copernicus.org/articles/26/4033/2022/},
	volume = {26},
}
@online{unknown-author-2023A,
	date = {2023},
	publisher = {TNO Geologische Dienst Nederland},
	title = {Ondergrondgegevens | DINOloket},
	url = {https://www.dinoloket.nl/ondergrondgegevens},
}
@report{sebregts-2019,
	author = {given-i=L, family=Sebregts},
	date = {2019},
	subtitle = {Stedelijke idealen in de havens van Rotterdam en Amsterdam},
	title = {Tuindorp Heijplaat vs. Tuindorp Oostzaan},
}
@online{gemeente-rotterdam-2023,
	author = {{Gemeente Rotterdam}},
	date = {2023},
	title = {Het Oude Dorp},
	url = {https://www.rotterdam.nl/het-oude-dorp},
}
@report{gemeente-rotterdam-2013,
	author = {{Gemeente Rotterdam}},
	date = {2013},
	subtitle = {Archeologie},
	title = {Bestemmingsplan Nieuwe dorp Heijplaat},
	url = {https://www.planviewer.nl/imro/files/NL.IMRO.0599.BP1011HeijNwDorp-oh01/t_NL.IMRO.0599.BP1011HeijNwDorp-oh01_4.7.html},
}
@dataset{knmi-2024,
	author = {{KNMI}},
	date = {2024},
	title = {Daggegevens van het weer in Nederland},
	url = {https://www.knmi.nl/nederland-nu/klimatologie/daggegevens},
}
@software{collenteur-2019,
	author = {given-i=RA, family=Collenteur and given-i=M, family=Bakker and given-i=SA, family=Klop and given-i=F, family=Schaars},
	date = {2019-07},
	title = {Pastas: open source software for the analysis of groundwater time series},
	type = {software},
	url = {https://ngwa.onlinelibrary.wiley.com/doi/10.1111/gwat.12925},
}
@image{siddique-2017,
	author = {given-i=MI, family=Siddique and given=K, family=Mahamuni and given-i=J, family=Desai and given-i=S, family=Patil},
	date = {2017},
	title = {Hydrogeological aspects in an urban groundwater scenario.},
	url = {https://www.researchgate.net/publication/337858013_Hydrogeological_aspects_of_PAQM_in_Urban_Groundwater_scenario_in_SE_Bengaluru-ACWADAM_Aug_2017},
}
@online{milieudienst-rijnmond-2023,
	author = {{Milieudienst Rijnmond}},
	date = {2023-12-21},
	title = {Milieudienst Rijnmond},
	url = {https://www.dcmr.nl/actueel/dossiers/dossier-heijplaat},
}
@online{port-of-rotterdam-no-date,
	author = {{Port of Rotterdam}},
	title = {Rozenburg},
	url = {https://www.portofrotterdam.com/nl/bouwen-aan-de-haven/lopende-projecten/rozenburg},
}
@article{damme-jongsten-2008,
	author = {given-i=M, prefix=van, family=Damme-Jongsten},
	date = {2008},
	subtitle = {Een eersteklas landschap},
	title = {De teloorgang van natuurmoment De Beer},
	url = {https://natuurtijdschriften.nl/pub/642185/Natura2008105001006.pdf},
}
@book{port-of-rotterdam-2008,
	author = {{Port of Rotterdam} and {Projectbureau Stadshavens Rotterdam} and {Jacco Huijssen Fotografie}},
	date = {2008},
	title = {StadShavenS RotteRdam},
	url = {https://www.portofrotterdam.com/sites/default/files/2021-05/rondje-heijplaat-benenwagen.pdf},
}
@article{silva-2021,
	author = {given-i=BM, prefix=de, family=Silva and given-i=K, family=Manohar and given-i=E, family=Clark and given-i=BW, family=Brunton and given-i=S, family=Brunton and given-i=JN, family=Kutz},
	date = {2021},
	journaltitle = {The Journal for Open Source Software},
	number = {58},
	title = {PySensors: A Python Package for Sparse Sensor Placement},
	url = {https://arxiv.org/pdf/2102.13476.pdf},
	volume = {6},
}
@report{asmuth-2021,
	author = {given-i=J, prefix=von, family=Asmuth and given-i=P, family=Baggelaar and given-i=M, family=Bakker and given-i=D, family=Brakenhoff and given=R, family=Collenteur and given-i=O, family=Ebbens and given-i=H, family=Mondeel and given-i=S, family=Klop and given-i=F, family=Schaars},
	date = {2021},
	number = {978.90.5773.939.2},
	publisher = {STOWA},
	title = {Handleiding Tijdreeksanalyse},
	url = {https://www.stowa.nl/sites/default/files/assets/PUBLICATIES/Publicaties%202021/STOWA%202021-32%20Handleiding%20tijdreeksanalyse%283%29.pdf},
}
@article{jung-2020,
	author = {given=Alisa, family=Jung and given=Johannes, family=Hanika and given=Carsten, family=Dachsbacher and {Karlsruhe Institute of Technology}},
	date = {2020},
	journaltitle = {Journal of Computer Graphics Techniques},
	number = {2},
	title = {Detecting Bias in Monte Carlo Renderers using Welch‚Äôs t-test},
	url = {https://cg.ivd.kit.edu/publications/2020/welch/Jung2020Bias-lowres.pdf},
	volume = {9},
}
@online{statistics-easily-2024,
	author = {{Statistics Easily}},
	date = {2024-02-12},
	title = {When The P-Value is Less Than 0.05: Understanding Statistical Significance},
	url = {https://statisticseasily.com/when-p-value-is-less-than-005/#:~:text=By%20setting%20the%20threshold%20at,convention%20in%20statistical%20hypothesis%20testing},
}
@article{ayvaz-2018,
	author = {given-i=MT, family=Ayvaz and given-i=A, family=El√ßi},
	date = {2018-07},
	doi = {10.1016/j.jhydrol.2018.06.006},
	journaltitle = {Journal of Hydrology},
	number = {1078-1091},
	title = {Identification of the optimum groundwater quality monitoring network using a genetic algorithm based optimization approach},
	url = {https://www.researchgate.net/publication/325546266_Identification_of_the_optimum_groundwater_quality_monitoring_network_using_a_genetic_algorithm_based_optimization_approach},
	volume = {563},
}
@book{unknown-author-2023B,
	author = {{undefined}},
	booktitle = {Kunstmatige Intelligentie (AI)},
	date = {2023},
	pages = {1},
	title = {AI‚ÄîLocaal zoeken en Optimalisatie},
	url = {https://liacs.leidenuniv.nl/~kosterswa/AI/genetisch.pdf},
}
@report{hermawanto-2013,
	author = {given-i=D, family=Hermawanto},
	date = {2013-08},
	title = {Genetic Algorithm for Solving Simple Mathematical Equality Problem},
	url = {https://www.researchgate.net/publication/255994405_Genetic_Algorithm_for_Solving_Simple_Mathematical_Equality_Problem},
}
@inproceedings{koshikawa-2020,
	author = {given-i=R, family=Koshikawa and given-i=A, family=Terui and given-i=M, family=Mikawa and {Technical University Braunschweig}},
	eventtitle = {International Congress on Mathematical Software},
	title = {Solving System of Nonlinear Equations with the Genetic Algorithm and Newton's Method},
	url = {https://av.tib.eu/media/47899},
}
@report{university-of-regina-no-dateA,
	author = {{University of Regina}},
	number = {Math 415},
	subtitle = {Applied Linear Algebra},
	title = {Computing the QR factorization},
	url = {https://uregina.ca/~franklam/Math415/Math415_QR_Factorization.pdf},
}
@online{harp-no-date,
	author = {{Harp}},
	title = {Algorithms in Harp-DAAL},
	url = {https://dsc-spidal.github.io/harp/docs/harpdaal/algorithms/},
}
@report{european-commission-2014,
	author = {{European Commission}},
	date = {2014},
	number = {OJL182},
	title = {Annex II to Directive 2006/118/EC of the European Parliament and the Council on the Protection of Groundwater Against Pollution and Deterioration},
}
@online{european-environment-agency-2022,
	author = {{European Environment Agency}},
	date = {2022},
	title = {Europe‚Äôs groundwater ‚Äî a key resource under pressure},
	url = {https://www.eea.europa.eu/publications/europes-groundwater},
}
@report{geul-2022,
	author = {given-i=K, family=Geul},
	date = {2022-06-22},
	location = {Rotterdam, nl},
	number = {IB-2019-0114},
	publisher = {Stadsontwikkeling: IBR Stedelijk Water en Geotechniek},
	title = {Actualisatie Visie achtergrondmeetnet en projectmeetnetten},
}
@report{hoogvliet-2020,
	author = {given-i=M, family=Hoogvliet and given-i=L, prefix=van, family=Vliet and given-i=F, family=Schasfoort and given-i=F, prefix={van de}, family=Ven and given-i=J, family=Buma},
	date = {2020},
	title = {Klimaatverandering en grondwaterbeheer stedelijk gebied},
	url = {https://www.stowa.nl/deltafacts/ruimtelijke-adaptatie/stedelijk-waterbeheer/klimaatverandering-en-grondwaterbeheer},
}
@report{ven-2007,
	author = {given-i=FHM, prefix={van de}, family=Ven and given-i=W, family=Visser and given-i=DJ, family=Biron},
	date = {2007},
	publisher = {Bouwrijp},
	title = {Ontwatering in stedelijk gebied},
}
@article{wu-2004,
	author = {given-i=Y, family=Wu},
	date = {2004-02-01},
	doi = {10.1007/s00254-003-0907-x},
	journaltitle = {Environmental geology},
	number = {4},
	pages = {527--535},
	title = {Optimal design of a groundwater monitoring network in Daqing, China},
	url = {https://doi.org/10.1007/s00254-003-0907-x},
	volume = {45},
}
@article{manohar-2018,
	author = {given-i=K, family=Manohar and given-i=BW, family=Brunton and given-i=JN, family=Kutz and given-i=SL, family=Brunton},
	date = {2018},
	doi = {10.1109/MCS.2018.2810460},
	journaltitle = {IEEE Journals & Magazine | IEEE Xplore},
	pages = {63--86},
	title = {Data-Driven sparse sensor placement for reconstruction: demonstrating the benefits of exploiting known patterns},
	url = {https://ieeexplore.ieee.org/document/8361090},
}
@inproceedings{ahad-2014,
	date = {2014},
	doi = {10.1063/1.4887707},
	editor = {given-i=NA, family=Ahad and given-i=SS, family=Syed-Yahaya},
	title = {Sensitivity analysis of Welch's T-Test},
	url = {https://www.researchgate.net/publication/278099739_Sensitivity_Analysis_of_Welch's_t-Test},
	volume = {1605},
}
@report{visch-2022,
	author = {given-i=J, prefix={van de}, family=Visch and given-i=M, family=Bos},
	date = {2022-02-02},
	number = {BF4776},
	title = {Een waterveilige Rotterdamse haven},
	url = {https://www.portofrotterdam.com/sites/default/files/2022-06/adaptatiestrategie-voor-een-veilige-haven_0.pdf},
}
@image{tno-geologische-dienst-nederland-2023,
	author = {{TNO Geologische Dienst Nederland}},
	date = {2023},
	subtitle = {Data en informatie van de Nederlandse ondergrond},
	title = {Ondergrondgegevens},
	url = {https://www.dinoloket.nl/ondergrondgegevens},
}